<marc:record xmlns:marc="http://www.loc.gov/MARC21/slim" type="Bibliographic" xmlns:xsi="http://www.w3.org/2001/XMLSchema-instance" xsi:schemaLocation="http://www.loc.gov/MARC21/slim http://www.loc.gov/standards/marcxml/schema/MARC21slim.xsd">
     <marc:leader>00000coc  2200000uu 4500</marc:leader>
  <marc:controlfield tag="001">46774</marc:controlfield>
  <marc:datafield ind1="8" ind2=" " tag="024">
    <marc:subfield code="a">oai:digitalisiertedrucke.de:46774</marc:subfield>
    <marc:subfield code="p">collection</marc:subfield>
  </marc:datafield>
  <marc:datafield ind1="8" ind2=" " tag="024">
    <marc:subfield code="p">collection:zvdd.hbz.k.de</marc:subfield>
  </marc:datafield>
  <marc:datafield ind1=" " ind2=" " tag="082">
    <marc:subfield code="a">033</marc:subfield>
  </marc:datafield>
  <marc:datafield ind1="0" ind2="0" tag="245">
    <marc:subfield code="a">Meyers Konversations-Lexikon u.a.</marc:subfield>
  </marc:datafield>
  <marc:datafield ind1=" " ind2=" " tag="260">
    <marc:subfield code="a">Ulm</marc:subfield>
    <marc:subfield code="c">1835-1893</marc:subfield>
    <marc:subfield code="g">2001-</marc:subfield>
  </marc:datafield>
  <marc:datafield ind1=" " ind2=" " tag="300">
    <marc:subfield code="a">4 Titel, 24 Bände, 19.072 Seiten (11/05)</marc:subfield>
  </marc:datafield>
  <marc:datafield ind1=" " ind2=" " tag="520">
    <marc:subfield code="a">Artikel (derzeit nur Seitenköpfe, Einzelverschlagwortung im Gange), Abbildungen der Seiten, Volltext</marc:subfield>
    <marc:subfield code="b">description: data levels</marc:subfield>
  </marc:datafield>
  <marc:datafield ind1=" " ind2=" " tag="520">
    <marc:subfield code="a">Eigenes relationales Modell (mit DLmeta-Bezug), Technik: Java-Servlets + Lucene</marc:subfield>
    <marc:subfield code="b">description: standards and techniques used</marc:subfield>
  </marc:datafield>
  <marc:datafield ind1=" " ind2=" " tag="546">
    <marc:subfield code="a">de</marc:subfield>
  </marc:datafield>
  <marc:datafield ind1=" " ind2=" " tag="594">
    <marc:subfield code="a">collection</marc:subfield>
  </marc:datafield>
  <marc:datafield ind1="0" ind2="7" tag="655">
    <marc:subfield code="a">Enzyklopädien und Lexika</marc:subfield>
    <marc:subfield code="2">local (zvdd) </marc:subfield>
  </marc:datafield>
  <marc:datafield ind1="2" ind2=" " tag="710">
    <marc:subfield code="a">Privat</marc:subfield>
    <marc:subfield code="e">creator</marc:subfield>
  </marc:datafield>
  <marc:datafield ind1=" " ind2=" " tag="980">
    <marc:subfield code="a">collection</marc:subfield>
  </marc:datafield>
  <marc:datafield ind1=" " ind2=" " tag="992">
    <marc:subfield code="a">collection:meyers_konversations-lexikon.privat.ulm.de</marc:subfield>
    <marc:subfield code="b">zvdd (Zentrales Verzeichnis Digitalisierter Drucke)</marc:subfield>
    <marc:subfield code="c">http://www.zvdd.de</marc:subfield>
    <marc:subfield code="d">http://www.zvdd.de</marc:subfield>
  </marc:datafield>
  <marc:datafield ind1="8" ind2=" " tag="024">
    <marc:subfield code="p">ddc:033</marc:subfield>
  </marc:datafield>
  <marc:datafield ind1=" " ind2=" " tag="980">
    <marc:subfield code="b">ddc033</marc:subfield>
  </marc:datafield>
  <marc:datafield ind1="4" ind2=" " tag="856">
    <marc:subfield code="u">http://www.meyers-konversationslexikon.de/</marc:subfield>
    <marc:subfield code="3">Startseite Projekt</marc:subfield>
    <marc:subfield code="x">homepage</marc:subfield>
  </marc:datafield>
  <marc:datafield ind1="4" ind2=" " tag="856">
    <marc:subfield code="u">http://susi.e-technik.uni-ulm.de:8080/Meyers2/suche/suche.html</marc:subfield>
    <marc:subfield code="3">Volltextsuche</marc:subfield>
    <marc:subfield code="x">search-interface</marc:subfield>
  </marc:datafield>
  <marc:datafield ind1="4" ind2=" " tag="856">
    <marc:subfield code="u">http://susi.e-technik.uni-ulm.de:8080/Meyers2/stoebern/start.html</marc:subfield>
    <marc:subfield code="3">Bände aufschlagen</marc:subfield>
    <marc:subfield code="x">browsing-access</marc:subfield>
  </marc:datafield>
</marc:record>   </metadata>
  </record>