
  <record>
   <header>
    <identifier>oai:digitalisiertedrucke.de:46775</identifier>
    <datestamp>2009-05-25T09:34:43Z</datestamp>
    <setSpec>collection</setSpec>
    <setSpec>collection:zvdd.hbz.k.de</setSpec>
   </header>
   <metadata>
<marc:record xmlns:marc="http://www.loc.gov/MARC21/slim" type="Bibliographic" xmlns:xsi="http://www.w3.org/2001/XMLSchema-instance" xsi:schemaLocation="http://www.loc.gov/MARC21/slim http://www.loc.gov/standards/marcxml/schema/MARC21slim.xsd">
     <marc:leader>00000coc  2200000uu 4500</marc:leader>
  <marc:controlfield tag="001">46775</marc:controlfield>
  <marc:datafield ind1="8" ind2=" " tag="024">
    <marc:subfield code="a">oai:digitalisiertedrucke.de:46775</marc:subfield>
    <marc:subfield code="p">collection</marc:subfield>
  </marc:datafield>
  <marc:datafield ind1="8" ind2=" " tag="024">
    <marc:subfield code="p">collection:zvdd.hbz.k.de</marc:subfield>
  </marc:datafield>
  <marc:datafield ind1="0" ind2="0" tag="245">
    <marc:subfield code="a">Faustsammlung</marc:subfield>
  </marc:datafield>
  <marc:datafield ind1=" " ind2=" " tag="260">
    <marc:subfield code="a">Weimar</marc:subfield>
    <marc:subfield code="c">1592-1935</marc:subfield>
    <marc:subfield code="g">2006-2009</marc:subfield>
  </marc:datafield>
  <marc:datafield ind1=" " ind2=" " tag="300">
    <marc:subfield code="a">90 Titel (06/06), perspektvisch ca. 9000 Titel</marc:subfield>
  </marc:datafield>
  <marc:datafield ind1=" " ind2=" " tag="520">
    <marc:subfield code="a">Über die Faust-Sammlung</marc:subfield>
    <marc:subfield code="b">collDesc</marc:subfield>
    <marc:subfield code="u">http://www.klassik-stiftung.de/einrichtungen/herzogin-anna-amalia-bibliothek/bestaende/sondersammlungen-sonderbestaende/faust-sammlung.html?L=0</marc:subfield>
  </marc:datafield>
  <marc:datafield ind1=" " ind2=" " tag="520">
    <marc:subfield code="a">Titelaufnahmen, Inhaltsverzeichnisse</marc:subfield>
    <marc:subfield code="b">description: data levels</marc:subfield>
  </marc:datafield>
  <marc:datafield ind1=" " ind2=" " tag="520">
    <marc:subfield code="a">Titelaufnahmen in PICA, Inhaltsverzeichnisse in lokalem Oracle-Format</marc:subfield>
    <marc:subfield code="b">description: standards and techniques used</marc:subfield>
  </marc:datafield>
  <marc:datafield ind1=" " ind2=" " tag="546">
    <marc:subfield code="a">de</marc:subfield>
  </marc:datafield>
  <marc:datafield ind1=" " ind2=" " tag="594">
    <marc:subfield code="a">collection</marc:subfield>
  </marc:datafield>
  <marc:datafield ind1="0" ind2="7" tag="655">
    <marc:subfield code="a">Belletristik, Literatur, Populäres</marc:subfield>
    <marc:subfield code="2">local (zvdd) </marc:subfield>
  </marc:datafield>
  <marc:datafield ind1="1" ind2=" " tag="700">
    <marc:subfield code="a">Brigitte Becker-Ebenau, Herzogin Anna Amalia Bibliothek, Platz der Demokratie 4, 99423 Weimar</marc:subfield>
    <marc:subfield code="e">administrator</marc:subfield>
  </marc:datafield>
  <marc:datafield ind1="2" ind2=" " tag="710">
    <marc:subfield code="a">Herzogin Anna Amalia Bibliothek</marc:subfield>
    <marc:subfield code="e">creator</marc:subfield>
  </marc:datafield>
  <marc:datafield ind1=" " ind2=" " tag="980">
    <marc:subfield code="a">collection</marc:subfield>
  </marc:datafield>
  <marc:datafield ind1=" " ind2=" " tag="992">
    <marc:subfield code="a">collection:faustsammlung.haab.we.de</marc:subfield>
    <marc:subfield code="b">zvdd (Zentrales Verzeichnis Digitalisierter Drucke)</marc:subfield>
    <marc:subfield code="c">http://www.zvdd.de</marc:subfield>
    <marc:subfield code="d">http://www.zvdd.de</marc:subfield>
  </marc:datafield>
  <marc:datafield ind1="4" ind2=" " tag="856">
    <marc:subfield code="u">http://ora-web.swkk.de:7777/digimo_online/digimo.entry</marc:subfield>
    <marc:subfield code="3">Allgemeine Startseite</marc:subfield>
    <marc:subfield code="x">homepage</marc:subfield>
  </marc:datafield>
</marc:record>   </metadata>
  </record>