
  <record>
   <header>
    <identifier>oai:digitalisiertedrucke.de:46776</identifier>
    <datestamp>2009-05-25T09:34:44Z</datestamp>
    <setSpec>collection</setSpec>
    <setSpec>collection:zvdd.hbz.k.de</setSpec>
   </header>
   <metadata>
<marc:record xmlns:marc="http://www.loc.gov/MARC21/slim" type="Bibliographic" xmlns:xsi="http://www.w3.org/2001/XMLSchema-instance" xsi:schemaLocation="http://www.loc.gov/MARC21/slim http://www.loc.gov/standards/marcxml/schema/MARC21slim.xsd">
     <marc:leader>00000coc  2200000uu 4500</marc:leader>
  <marc:controlfield tag="001">46776</marc:controlfield>
  <marc:datafield ind1="8" ind2=" " tag="024">
    <marc:subfield code="a">oai:digitalisiertedrucke.de:46776</marc:subfield>
    <marc:subfield code="p">collection</marc:subfield>
  </marc:datafield>
  <marc:datafield ind1="8" ind2=" " tag="024">
    <marc:subfield code="p">collection:zvdd.hbz.k.de</marc:subfield>
  </marc:datafield>
  <marc:datafield ind1="0" ind2="0" tag="245">
    <marc:subfield code="a">Simplicissimus</marc:subfield>
  </marc:datafield>
  <marc:datafield ind1="0" ind2="0" tag="246">
    <marc:subfield code="a">Digitalisierung und Erschließung der satirischen Wochenschrift Simplicissimus, Jahrgänge 1 bis 49 (1896 bis 1944)</marc:subfield>
  </marc:datafield>
  <marc:datafield ind1=" " ind2=" " tag="260">
    <marc:subfield code="a">Weimar</marc:subfield>
    <marc:subfield code="c">1896-1944</marc:subfield>
    <marc:subfield code="g">2005-2008</marc:subfield>
  </marc:datafield>
  <marc:datafield ind1=" " ind2=" " tag="300">
    <marc:subfield code="a">49 Jahrgänge, 2.566 Ausgaben, 33.500 Seiten, 55.000 einzeln
erschlossene Beiträge</marc:subfield>
  </marc:datafield>
  <marc:datafield ind1="3" ind2=" " tag="520">
    <marc:subfield code="a">Der „Simplicissimus“ ist die bis heute prominenteste deutsche satirische Zeitschrift; ihr Name steht für eine radikaldemokratische Auseinandersetzung mit der Innen- und Außenpolitik des Kaiserreichs und der Weimarer Republik ebenso wie für eine pointierte, sozial orientierte Mentalitätskritik. &lt;br&gt; Neben ihrem gesellschaftlichen und politischen Gewicht hat die Zeitschrift für künstlerische wie literarische Stömungen paradigmatischen Stellenwert. Ihre ständigen zeichnerischen Mitarbeiter (Engl, Heine, Karl Arnold, Wilhelm Schulz, Thöny, Wilke, Reznicek, Gulbransson, Bruno Paul, Heilemann) stehen für künstlerische Avantgarde ebenso wie die „freien“ Beiträger (Zille, Kubin, Barlach, Corinth, Hegenbarth, Käthe Kollwitz, Walter Trier u.v.a mehr). Als urspünglich kulturell-literarisch orientierte Zeitschrift konzipiert, war der Simplicissimus Forum für alle Literaten seiner Zeit: Wedekind, Thoma, Thomas und Heinrich Mann, Rilke, Robert Walser, Bierbaum, Wassermann, Dehmel, Hesse, Karl Kraus, Meyrink sind einige der prominentesten, von denen viele durch Erstveröffentlichung vertreten sind.&lt;br&gt; Von besonderem zeitgeschichtlichen Interesse sind die Jahrgänge 1 (1896) bis 49 (1944). Geschlossene Sammlungen dieser Jahrgänge sind rar, sie sind zudem durch rasch fortschreitenden Papierzerfall im Fortbestand extrem gefährdet. Die Zeitschrift soll über ein Bereitstellungssystem mit einem Index erschlossen werden, der die expliziten Erwähnungen von Autorennamen, Künstlern, erwähnten Personen, Geographika, politischen Ereignissen und globalen Kategorien referenziert. &lt;br&gt;  Die Jahrgänge 1 bis 49 sollen im Projekt digitalisiert werden und schließlich mit einer geeigneten Dokumentstruktur-Beschreibung vorliegen. Es soll außerdem eine Bilddatenbank erarbeitet werden, die ein Absuchen des digitalisierten Materials nach inhaltlichen Kriterien im Internet erlaubt. </marc:subfield>
  </marc:datafield>
  <marc:datafield ind1=" " ind2=" " tag="520">
    <marc:subfield code="a">Bilddigitalisierung, Strukturdaten (einzelne Beiträge)</marc:subfield>
    <marc:subfield code="b">description: data levels</marc:subfield>
  </marc:datafield>
  <marc:datafield ind1=" " ind2=" " tag="520">
    <marc:subfield code="a">Digitalisate 300 und 150 dpI TIFF-Format, Heftfaksimiles als PDF. Metadaten als MS-Access-Datenbank (MDB bzw. MDE)</marc:subfield>
    <marc:subfield code="b">description: standards and techniques used</marc:subfield>
  </marc:datafield>
  <marc:datafield ind1=" " ind2=" " tag="546">
    <marc:subfield code="a">de</marc:subfield>
  </marc:datafield>
  <marc:datafield ind1=" " ind2=" " tag="594">
    <marc:subfield code="a">collection</marc:subfield>
  </marc:datafield>
  <marc:datafield ind1="0" ind2="7" tag="655">
    <marc:subfield code="a">Nichtwissenschaftliche Zeitschriften</marc:subfield>
    <marc:subfield code="2">local (zvdd) </marc:subfield>
  </marc:datafield>
  <marc:datafield ind1="1" ind2=" " tag="700">
    <marc:subfield code="a">Dr. Hans Zimmermann, Gutenbergstr. 14, 99423 Weimar</marc:subfield>
    <marc:subfield code="e">administrator</marc:subfield>
  </marc:datafield>
  <marc:datafield ind1="2" ind2=" " tag="710">
    <marc:subfield code="a">Herzogin Anna Amalia Bibliothek</marc:subfield>
    <marc:subfield code="e">creator</marc:subfield>
  </marc:datafield>
  <marc:datafield ind1="2" ind2=" " tag="710">
    <marc:subfield code="a">Rheinisch-Westfälische Technische Hochschule Aachen</marc:subfield>
    <marc:subfield code="e">cooperation</marc:subfield>
    <marc:subfield code="u">http://www.germlit.rwth-aachen.de/</marc:subfield>
  </marc:datafield>
  <marc:datafield ind1="2" ind2=" " tag="710">
    <marc:subfield code="a">Deutsches Literaturarchiv Marbach</marc:subfield>
    <marc:subfield code="e">cooperation</marc:subfield>
    <marc:subfield code="u">http://www.dla-marbach.de/</marc:subfield>
  </marc:datafield>
  <marc:datafield ind1=" " ind2=" " tag="980">
    <marc:subfield code="a">collection</marc:subfield>
  </marc:datafield>
  <marc:datafield ind1=" " ind2=" " tag="992">
    <marc:subfield code="a">collection:simplicissimus.haab.we.de</marc:subfield>
    <marc:subfield code="b">zvdd (Zentrales Verzeichnis Digitalisierter Drucke)</marc:subfield>
    <marc:subfield code="c">http://www.zvdd.de</marc:subfield>
    <marc:subfield code="d">http://www.zvdd.de</marc:subfield>
  </marc:datafield>
  <marc:datafield ind1="4" ind2=" " tag="856">
    <marc:subfield code="u">http://www.simplicissimus.com</marc:subfield>
    <marc:subfield code="3">Projektseite</marc:subfield>
    <marc:subfield code="x">homepage</marc:subfield>
  </marc:datafield>
</marc:record>   </metadata>
  </record>