
  <record>
   <header>
    <identifier>oai:digitalisiertedrucke.de:46777</identifier>
    <datestamp>2009-05-25T09:34:44Z</datestamp>
    <setSpec>collection:zvdd.hbz.k.de</setSpec>
    <setSpec>collection</setSpec>
    <setSpec>ddc:200</setSpec>
    <setSpec>ddc:943</setSpec>
   </header>
   <metadata>
<marc:record xmlns:marc="http://www.loc.gov/MARC21/slim" type="Bibliographic" xmlns:xsi="http://www.w3.org/2001/XMLSchema-instance" xsi:schemaLocation="http://www.loc.gov/MARC21/slim http://www.loc.gov/standards/marcxml/schema/MARC21slim.xsd">
     <marc:leader>00000coc  2200000uu 4500</marc:leader>
  <marc:controlfield tag="001">46777</marc:controlfield>
  <marc:datafield ind1="8" ind2=" " tag="024">
    <marc:subfield code="a">oai:digitalisiertedrucke.de:46777</marc:subfield>
    <marc:subfield code="p">collection</marc:subfield>
  </marc:datafield>
  <marc:datafield ind1="8" ind2=" " tag="024">
    <marc:subfield code="p">collection:zvdd.hbz.k.de</marc:subfield>
  </marc:datafield>
  <marc:datafield ind1=" " ind2=" " tag="082">
    <marc:subfield code="a">943</marc:subfield>
  </marc:datafield>
  <marc:datafield ind1=" " ind2=" " tag="082">
    <marc:subfield code="a">200.9 T1:09031</marc:subfield>
  </marc:datafield>
  <marc:datafield ind1="0" ind2="0" tag="245">
    <marc:subfield code="a">Drucke der Reformationszeit</marc:subfield>
  </marc:datafield>
  <marc:datafield ind1=" " ind2=" " tag="260">
    <marc:subfield code="a">Wittenberg</marc:subfield>
  </marc:datafield>
  <marc:datafield ind1=" " ind2=" " tag="546">
    <marc:subfield code="a">de</marc:subfield>
  </marc:datafield>
  <marc:datafield ind1=" " ind2=" " tag="594">
    <marc:subfield code="a">collection</marc:subfield>
  </marc:datafield>
  <marc:datafield ind1="0" ind2="7" tag="650">
    <marc:subfield code="a">Deutschland</marc:subfield>
    <marc:subfield code="2">SWD</marc:subfield>
  </marc:datafield>
  <marc:datafield ind1="0" ind2="7" tag="650">
    <marc:subfield code="a">Reformation</marc:subfield>
    <marc:subfield code="2">SWD</marc:subfield>
  </marc:datafield>
  <marc:datafield ind1="0" ind2="7" tag="650">
    <marc:subfield code="a">Druckwerk</marc:subfield>
    <marc:subfield code="2">SWD</marc:subfield>
  </marc:datafield>
  <marc:datafield ind1="0" ind2="7" tag="650">
    <marc:subfield code="a">Geschichte</marc:subfield>
    <marc:subfield code="2">SWD</marc:subfield>
  </marc:datafield>
  <marc:datafield ind1="0" ind2="7" tag="650">
    <marc:subfield code="a">Quelle</marc:subfield>
    <marc:subfield code="2">SWD</marc:subfield>
  </marc:datafield>
  <marc:datafield ind1="0" ind2="7" tag="655">
    <marc:subfield code="a">Historische Gattungen</marc:subfield>
    <marc:subfield code="2">local (zvdd) </marc:subfield>
  </marc:datafield>
  <marc:datafield ind1="2" ind2=" " tag="710">
    <marc:subfield code="a">Stiftung Luthergedenkstätten</marc:subfield>
    <marc:subfield code="e">creator</marc:subfield>
    <marc:subfield code="u">http://www.martinluther.de/cgi-bin/vm/luther</marc:subfield>
  </marc:datafield>
  <marc:datafield ind1=" " ind2=" " tag="980">
    <marc:subfield code="a">collection</marc:subfield>
  </marc:datafield>
  <marc:datafield ind1=" " ind2=" " tag="992">
    <marc:subfield code="a">collection:drucke_reformationszeit.sl.wb.de</marc:subfield>
    <marc:subfield code="b">zvdd (Zentrales Verzeichnis Digitalisierter Drucke)</marc:subfield>
    <marc:subfield code="c">http://www.zvdd.de</marc:subfield>
    <marc:subfield code="d">http://www.zvdd.de</marc:subfield>
  </marc:datafield>
  <marc:datafield ind1="8" ind2=" " tag="024">
    <marc:subfield code="p">ddc:200</marc:subfield>
  </marc:datafield>
  <marc:datafield ind1=" " ind2=" " tag="980">
    <marc:subfield code="b">ddc200</marc:subfield>
  </marc:datafield>
  <marc:datafield ind1="8" ind2=" " tag="024">
    <marc:subfield code="p">ddc:943</marc:subfield>
  </marc:datafield>
  <marc:datafield ind1=" " ind2=" " tag="980">
    <marc:subfield code="b">ddc943</marc:subfield>
  </marc:datafield>
  <marc:datafield ind1="4" ind2=" " tag="856">
    <marc:subfield code="u">http://luther.hki.uni-koeln.de/luther/pages/sucheDrucke.html</marc:subfield>
    <marc:subfield code="3">Digitale Bibliothek</marc:subfield>
    <marc:subfield code="x">homepage</marc:subfield>
  </marc:datafield>
  <marc:datafield ind1="4" ind2=" " tag="856">
    <marc:subfield code="3">Einfache und komplexe Suche von Startseite aus</marc:subfield>
    <marc:subfield code="x">search-interface</marc:subfield>
  </marc:datafield>
  <marc:datafield ind1="4" ind2=" " tag="856">
    <marc:subfield code="3">Kein Browsing-Zugang</marc:subfield>
    <marc:subfield code="x">browsing-access</marc:subfield>
  </marc:datafield>
</marc:record>   </metadata>
  </record>