
  <record>
   <header>
    <identifier>oai:digitalisiertedrucke.de:46778</identifier>
    <datestamp>2009-05-25T09:34:44Z</datestamp>
    <setSpec>collection</setSpec>
    <setSpec>collection:zvdd.hbz.k.de</setSpec>
    <setSpec>ddc:830</setSpec>
   </header>
   <metadata>
<marc:record xmlns:marc="http://www.loc.gov/MARC21/slim" type="Bibliographic" xmlns:xsi="http://www.w3.org/2001/XMLSchema-instance" xsi:schemaLocation="http://www.loc.gov/MARC21/slim http://www.loc.gov/standards/marcxml/schema/MARC21slim.xsd">
     <marc:leader>00000coc  2200000uu 4500</marc:leader>
  <marc:controlfield tag="001">46778</marc:controlfield>
  <marc:datafield ind1="8" ind2=" " tag="024">
    <marc:subfield code="a">oai:digitalisiertedrucke.de:46778</marc:subfield>
    <marc:subfield code="p">collection</marc:subfield>
  </marc:datafield>
  <marc:datafield ind1="8" ind2=" " tag="024">
    <marc:subfield code="p">collection:zvdd.hbz.k.de</marc:subfield>
  </marc:datafield>
  <marc:datafield ind1=" " ind2=" " tag="082">
    <marc:subfield code="a">830</marc:subfield>
  </marc:datafield>
  <marc:datafield ind1="0" ind2="0" tag="245">
    <marc:subfield code="a">Festkultur Online</marc:subfield>
  </marc:datafield>
  <marc:datafield ind1="0" ind2="0" tag="246">
    <marc:subfield code="a">Festkultur Online - Deutsche Drucke des 17. Jahrhunderts zur Festkultur des Barock</marc:subfield>
  </marc:datafield>
  <marc:datafield ind1=" " ind2=" " tag="260">
    <marc:subfield code="a">Wolfenbüttel</marc:subfield>
    <marc:subfield code="c">1568-1770</marc:subfield>
    <marc:subfield code="g">2001-2005</marc:subfield>
  </marc:datafield>
  <marc:datafield ind1=" " ind2=" " tag="300">
    <marc:subfield code="a">323 Drucke, 404 Titeldatensätze, 2.535 Schlagworte auf Titelebene, 11.793 Stichworte auf Seitenebene, 19.011 Abschnitte und Textausschnitte, 1.520 Iconclass-Notationen, 31.600 Seiten</marc:subfield>
  </marc:datafield>
  <marc:datafield ind1="3" ind2=" " tag="520">
    <marc:subfield code="a">Im Projekt Festkultur-Online - Deutsche Drucke des 17. Jahrhunderts zur Festkultur des Barock hat die Herzog August Bibliothek 314 Drucke digitalisiert und auf Seitenebene inhaltlich erschlossen. Das Projekt erfolgte in enger Kooperation mit dem nach Wolfenbütteler Vorbild durchgeführten Digitalisierungsprojekt der University of Warwick/British Library. Daten zu 253 Drucken aus diesem Projekt wurden ebenfalls eingespielt, so dass insgesamt 567 Drucke für die Recherche zur Verfügung stehen.
Neben der Bereitstellung und Erschließung der Materialien sollte ein Verfahren entwickelt werden, verteilt liegende Bestände zur frühneutzeitlichen Festkultur nach gemeinsamen Richtlinien zu indexieren und zugänglich zu machen. Dies erfolgte auf der Basis des gemeinsamen Festthesaurus.
</marc:subfield>
  </marc:datafield>
  <marc:datafield ind1=" " ind2=" " tag="520">
    <marc:subfield code="a">Projektinformationen</marc:subfield>
    <marc:subfield code="b">documentation</marc:subfield>
    <marc:subfield code="u"> http://www.hab.de/bibliothek/wdb/festkultur/vdfinf.htm</marc:subfield>
  </marc:datafield>
  <marc:datafield ind1=" " ind2=" " tag="520">
    <marc:subfield code="a">Besprechung (H-Soz&amp;Kult)</marc:subfield>
    <marc:subfield code="b">review</marc:subfield>
    <marc:subfield code="u">http://hsozkult.geschichte.hu-berlin.de/rezensionen/type=rezwww&amp;id=82</marc:subfield>
  </marc:datafield>
  <marc:datafield ind1=" " ind2=" " tag="520">
    <marc:subfield code="a">Verzeichnung in Clio online</marc:subfield>
    <marc:subfield code="b">shortDescription</marc:subfield>
    <marc:subfield code="u">http://www.clio-online.de/DesktopModules/VlibWeb/FIView.aspx?tabID=95&amp;lang=de&amp;ItemID=4285&amp;mid=10373</marc:subfield>
  </marc:datafield>
  <marc:datafield ind1=" " ind2=" " tag="520">
    <marc:subfield code="a">Bibliographische Metadaten, Buchstruktur, Erschließung nach Thesaurus für frühneuzeitliche Festbeschreibung und ikonographische Erschließung nach ICONCLASS</marc:subfield>
    <marc:subfield code="b">description: data levels</marc:subfield>
  </marc:datafield>
  <marc:datafield ind1=" " ind2=" " tag="520">
    <marc:subfield code="a">Titeldaten in PICA, Buchstruktur und Sacherschließung in TEI-XML</marc:subfield>
    <marc:subfield code="b">description: standards and techniques used</marc:subfield>
  </marc:datafield>
  <marc:datafield ind1=" " ind2=" " tag="546">
    <marc:subfield code="a">de</marc:subfield>
  </marc:datafield>
  <marc:datafield ind1=" " ind2=" " tag="546">
    <marc:subfield code="a">la</marc:subfield>
  </marc:datafield>
  <marc:datafield ind1=" " ind2=" " tag="546">
    <marc:subfield code="a">fr</marc:subfield>
  </marc:datafield>
  <marc:datafield ind1=" " ind2=" " tag="546">
    <marc:subfield code="a">en</marc:subfield>
  </marc:datafield>
  <marc:datafield ind1=" " ind2=" " tag="546">
    <marc:subfield code="a">it</marc:subfield>
  </marc:datafield>
  <marc:datafield ind1=" " ind2=" " tag="594">
    <marc:subfield code="a">collection</marc:subfield>
  </marc:datafield>
  <marc:datafield ind1="0" ind2="7" tag="650">
    <marc:subfield code="a">Höfisches Fest</marc:subfield>
    <marc:subfield code="2">SWD</marc:subfield>
  </marc:datafield>
  <marc:datafield ind1="0" ind2="7" tag="650">
    <marc:subfield code="a">Geschichte 1500-1720</marc:subfield>
    <marc:subfield code="2">SWD</marc:subfield>
  </marc:datafield>
  <marc:datafield ind1="0" ind2="7" tag="655">
    <marc:subfield code="a">Historische Gattungen</marc:subfield>
    <marc:subfield code="2">local (zvdd) </marc:subfield>
  </marc:datafield>
  <marc:datafield ind1="1" ind2=" " tag="700">
    <marc:subfield code="a">Dr. Thomas Staecker, Herzog August Bibliothek, Postfach 1364, D-38299 Wolfenbuettel, staecker@hab.de</marc:subfield>
    <marc:subfield code="e">administrator</marc:subfield>
  </marc:datafield>
  <marc:datafield ind1="2" ind2=" " tag="710">
    <marc:subfield code="a">Herzog August Bibliothek</marc:subfield>
    <marc:subfield code="e">creator</marc:subfield>
    <marc:subfield code="u">http://www.hab.de/</marc:subfield>
  </marc:datafield>
  <marc:datafield ind1="2" ind2=" " tag="710">
    <marc:subfield code="a">University of Warwick / British Library</marc:subfield>
    <marc:subfield code="e">cooperation</marc:subfield>
    <marc:subfield code="u">http://www.bl.uk/treasures/festivalbooks/homepage.html</marc:subfield>
  </marc:datafield>
  <marc:datafield ind1=" " ind2=" " tag="980">
    <marc:subfield code="a">collection</marc:subfield>
  </marc:datafield>
  <marc:datafield ind1=" " ind2=" " tag="992">
    <marc:subfield code="a">collection:festkultur.hab.wf.de</marc:subfield>
    <marc:subfield code="b">zvdd (Zentrales Verzeichnis Digitalisierter Drucke)</marc:subfield>
    <marc:subfield code="c">http://www.zvdd.de</marc:subfield>
    <marc:subfield code="d">http://www.zvdd.de</marc:subfield>
  </marc:datafield>
  <marc:datafield ind1="8" ind2=" " tag="024">
    <marc:subfield code="p">ddc:830</marc:subfield>
  </marc:datafield>
  <marc:datafield ind1=" " ind2=" " tag="980">
    <marc:subfield code="b">ddc830</marc:subfield>
  </marc:datafield>
  <marc:datafield ind1="4" ind2=" " tag="856">
    <marc:subfield code="u">http://www.hab.de/bibliothek/wdb/festkultur/index.htm</marc:subfield>
    <marc:subfield code="3">Projektseite</marc:subfield>
    <marc:subfield code="x">homepage</marc:subfield>
  </marc:datafield>
  <marc:datafield ind1="4" ind2=" " tag="856">
    <marc:subfield code="u">http://dbs.hab.de/feast.htm</marc:subfield>
    <marc:subfield code="3">Suchmaske</marc:subfield>
    <marc:subfield code="x">search-interface</marc:subfield>
  </marc:datafield>
  <marc:datafield ind1="4" ind2=" " tag="856">
    <marc:subfield code="u">http://www.hab.de/bibliothek/wdb/festkultur/dig-inha.htm</marc:subfield>
    <marc:subfield code="3">Signaturenliste</marc:subfield>
    <marc:subfield code="x">browsing-access</marc:subfield>
  </marc:datafield>
</marc:record>   </metadata>
  </record>