
  <record>
   <header>
    <identifier>oai:digitalisiertedrucke.de:46779</identifier>
    <datestamp>2009-05-25T09:34:44Z</datestamp>
    <setSpec>collection:zvdd.hbz.k.de</setSpec>
    <setSpec>collection</setSpec>
    <setSpec>ddc:802</setSpec>
    <setSpec>ddc:702</setSpec>
   </header>
   <metadata>
<marc:record xmlns:marc="http://www.loc.gov/MARC21/slim" type="Bibliographic" xmlns:xsi="http://www.w3.org/2001/XMLSchema-instance" xsi:schemaLocation="http://www.loc.gov/MARC21/slim http://www.loc.gov/standards/marcxml/schema/MARC21slim.xsd">
     <marc:leader>00000coc  2200000uu 4500</marc:leader>
  <marc:controlfield tag="001">46779</marc:controlfield>
  <marc:datafield ind1="8" ind2=" " tag="024">
    <marc:subfield code="a">oai:digitalisiertedrucke.de:46779</marc:subfield>
    <marc:subfield code="p">collection</marc:subfield>
  </marc:datafield>
  <marc:datafield ind1="8" ind2=" " tag="024">
    <marc:subfield code="p">collection:zvdd.hbz.k.de</marc:subfield>
  </marc:datafield>
  <marc:datafield ind1=" " ind2=" " tag="082">
    <marc:subfield code="a">702</marc:subfield>
  </marc:datafield>
  <marc:datafield ind1=" " ind2=" " tag="082">
    <marc:subfield code="a">802</marc:subfield>
  </marc:datafield>
  <marc:datafield ind1="0" ind2="0" tag="245">
    <marc:subfield code="a">Emblematica Online</marc:subfield>
  </marc:datafield>
  <marc:datafield ind1="0" ind2="0" tag="246">
    <marc:subfield code="a">Emblematica Online - Entwicklung eines Standards zur Erschließung von Emblembüchern im Internet</marc:subfield>
  </marc:datafield>
  <marc:datafield ind1=" " ind2=" " tag="260">
    <marc:subfield code="a">Wolfenbüttel</marc:subfield>
    <marc:subfield code="c">1579-1730</marc:subfield>
    <marc:subfield code="g">2002-2005</marc:subfield>
  </marc:datafield>
  <marc:datafield ind1=" " ind2=" " tag="300">
    <marc:subfield code="a">70 Titel, 15.600 Seiten</marc:subfield>
  </marc:datafield>
  <marc:datafield ind1="3" ind2=" " tag="520">
    <marc:subfield code="a">Die Emblembuchsammlungen an der Herzog August Bibliothek (HAB) und an der University of Illinois (UIUC) gehören zu den größten Sammlungen weltweit. In der HAB befinden sich mehr als 450 Emblembücher, in Illionois sind mehr als 600 Emblembücher des 16. bis 18 Jahrhunderts vorhanden.
Im Kooperationsprojekt Emblematica Online zwischen der Herzog August Bibliothek (HAB) und der University of Illinois at Urbana-Champaign (UIUC) ist das Ziel die Digitalisierung, Erschließung und Erforschung der Originale sowie die Entwicklung von Strukturen und Standards, die eine gemeinsame Erschließung der Emblembuchbestände beider Einrichtungen ermöglichen und als Modell für weitere Text-Bild bezogene Projekte in den Geisteswissenschaften dienen können.</marc:subfield>
  </marc:datafield>
  <marc:datafield ind1=" " ind2=" " tag="520">
    <marc:subfield code="a">Digital Collections and the Management of Knowledge: Renaissance Emblem Literature as a Case Study for the Digitization of Rare Texts and Images. DigiCULT February 2004.</marc:subfield>
    <marc:subfield code="b">article</marc:subfield>
    <marc:subfield code="u">http://www.digicult.info/downloads/html/8/8.html</marc:subfield>
  </marc:datafield>
  <marc:datafield ind1=" " ind2=" " tag="520">
    <marc:subfield code="a">Bibliographische Metadaten, Buchstruktur (Embleme, Picturae), Iconographische Erschließung, teilweise Volltext (Transkription)</marc:subfield>
    <marc:subfield code="b">description: data levels</marc:subfield>
  </marc:datafield>
  <marc:datafield ind1=" " ind2=" " tag="520">
    <marc:subfield code="a">Titeldaten in PICA; Buchstruktur, Erschließungsangaben und Transkriptionen in TEI-XML</marc:subfield>
    <marc:subfield code="b">description: standards and techniques used</marc:subfield>
  </marc:datafield>
  <marc:datafield ind1=" " ind2=" " tag="546">
    <marc:subfield code="a">de</marc:subfield>
  </marc:datafield>
  <marc:datafield ind1=" " ind2=" " tag="546">
    <marc:subfield code="a">la</marc:subfield>
  </marc:datafield>
  <marc:datafield ind1=" " ind2=" " tag="594">
    <marc:subfield code="a">collection</marc:subfield>
  </marc:datafield>
  <marc:datafield ind1="0" ind2="7" tag="650">
    <marc:subfield code="a">Emblemliteratur</marc:subfield>
    <marc:subfield code="2">SWD</marc:subfield>
  </marc:datafield>
  <marc:datafield ind1="0" ind2="7" tag="655">
    <marc:subfield code="a">Historische Gattungen</marc:subfield>
    <marc:subfield code="2">local (zvdd) </marc:subfield>
  </marc:datafield>
  <marc:datafield ind1="1" ind2=" " tag="700">
    <marc:subfield code="a">Dr. Thomas Staecker, Herzog August Bibliothek, Postfach 1364, D-38299 Wolfenbuettel, staecker@hab.de</marc:subfield>
    <marc:subfield code="e">administrator</marc:subfield>
  </marc:datafield>
  <marc:datafield ind1="2" ind2=" " tag="710">
    <marc:subfield code="a">Herzog August Bibliothek</marc:subfield>
    <marc:subfield code="e">creator</marc:subfield>
    <marc:subfield code="u">http://www.hab.de/</marc:subfield>
  </marc:datafield>
  <marc:datafield ind1="2" ind2=" " tag="710">
    <marc:subfield code="a">University of Illinois at Urbana-Champaign (UIUC)</marc:subfield>
    <marc:subfield code="e">cooperation</marc:subfield>
    <marc:subfield code="u">http://images.library.uiuc.edu/projects/emblems/</marc:subfield>
  </marc:datafield>
  <marc:datafield ind1=" " ind2=" " tag="980">
    <marc:subfield code="a">collection</marc:subfield>
  </marc:datafield>
  <marc:datafield ind1=" " ind2=" " tag="992">
    <marc:subfield code="a">collection:emblematica.hab.wf.de</marc:subfield>
    <marc:subfield code="b">zvdd (Zentrales Verzeichnis Digitalisierter Drucke)</marc:subfield>
    <marc:subfield code="c">http://www.zvdd.de</marc:subfield>
    <marc:subfield code="d">http://www.zvdd.de</marc:subfield>
  </marc:datafield>
  <marc:datafield ind1="8" ind2=" " tag="024">
    <marc:subfield code="p">ddc:802</marc:subfield>
  </marc:datafield>
  <marc:datafield ind1=" " ind2=" " tag="980">
    <marc:subfield code="b">ddc802</marc:subfield>
  </marc:datafield>
  <marc:datafield ind1="8" ind2=" " tag="024">
    <marc:subfield code="p">ddc:702</marc:subfield>
  </marc:datafield>
  <marc:datafield ind1=" " ind2=" " tag="980">
    <marc:subfield code="b">ddc702</marc:subfield>
  </marc:datafield>
  <marc:datafield ind1="4" ind2=" " tag="856">
    <marc:subfield code="u">http://www.hab.de/forschung/projekte/emblematica.htm</marc:subfield>
    <marc:subfield code="3">Projektseite</marc:subfield>
    <marc:subfield code="x">homepage</marc:subfield>
  </marc:datafield>
  <marc:datafield ind1="4" ind2=" " tag="856">
    <marc:subfield code="u">http://www.hab.de/bibliothek/wdb/emblematica/suche.htm</marc:subfield>
    <marc:subfield code="3">Suchmaske</marc:subfield>
    <marc:subfield code="x">search-interface</marc:subfield>
  </marc:datafield>
  <marc:datafield ind1="4" ind2=" " tag="856">
    <marc:subfield code="u">http://www.hab.de/bibliothek/wdb/emblematica/signaturenliste.htm</marc:subfield>
    <marc:subfield code="3">Signaturenliste</marc:subfield>
    <marc:subfield code="x">browsing-access</marc:subfield>
  </marc:datafield>
</marc:record>   </metadata>
  </record>