
  <record>
   <header>
    <identifier>oai:digitalisiertedrucke.de:46780</identifier>
    <datestamp>2009-05-25T09:34:45Z</datestamp>
    <setSpec>collection:zvdd.hbz.k.de</setSpec>
    <setSpec>collection</setSpec>
    <setSpec>ddc:600</setSpec>
    <setSpec>ddc:500</setSpec>
   </header>
   <metadata>
<marc:record xmlns:marc="http://www.loc.gov/MARC21/slim" type="Bibliographic" xmlns:xsi="http://www.w3.org/2001/XMLSchema-instance" xsi:schemaLocation="http://www.loc.gov/MARC21/slim http://www.loc.gov/standards/marcxml/schema/MARC21slim.xsd">
     <marc:leader>00000coc  2200000uu 4500</marc:leader>
  <marc:controlfield tag="001">46780</marc:controlfield>
  <marc:datafield ind1="8" ind2=" " tag="024">
    <marc:subfield code="a">oai:digitalisiertedrucke.de:46780</marc:subfield>
    <marc:subfield code="p">collection</marc:subfield>
  </marc:datafield>
  <marc:datafield ind1="8" ind2=" " tag="024">
    <marc:subfield code="p">collection:zvdd.hbz.k.de</marc:subfield>
  </marc:datafield>
  <marc:datafield ind1=" " ind2=" " tag="082">
    <marc:subfield code="a">500</marc:subfield>
  </marc:datafield>
  <marc:datafield ind1=" " ind2=" " tag="082">
    <marc:subfield code="a">600</marc:subfield>
  </marc:datafield>
  <marc:datafield ind1="0" ind2="0" tag="245">
    <marc:subfield code="a">Druckwerke der Leibnizzeit</marc:subfield>
  </marc:datafield>
  <marc:datafield ind1="0" ind2="0" tag="246">
    <marc:subfield code="a">Digitalisierung naturwissenschaftlicher, technischer und medizinischer Texte der Leibnizzeit</marc:subfield>
  </marc:datafield>
  <marc:datafield ind1=" " ind2=" " tag="260">
    <marc:subfield code="a">Wolfenbüttel</marc:subfield>
    <marc:subfield code="c">1543-1781</marc:subfield>
    <marc:subfield code="g">2004-2005</marc:subfield>
  </marc:datafield>
  <marc:datafield ind1=" " ind2=" " tag="300">
    <marc:subfield code="a">128 Titel oder Drucke, 199 Bände, 52.185 Images / Seiten</marc:subfield>
  </marc:datafield>
  <marc:datafield ind1="3" ind2=" " tag="520">
    <marc:subfield code="a">Die naturwissenschaftliche, technische und medizinische Literatur der zweiten Hälfte des 17. und der ersten Hälfte des 18. Jahrhunderts charakterisiert die Gründungsphase des modernen wissenschaftlichen Denken und Handelns. Einen entscheidenden Ausschnitt aus dieser Literatur bilden die Werke, die Gottfried Wilhelm Leibniz - Universalgelehrter und in einer seiner späteren Funktionen auch 25 Jahre lang Bibliothekar in Wolfenbüttel (1691-1716) - las und kommentierte.
Die im Jahr 2001 neu begonnene Edition seiner naturwissenschaftlich-medizinisch-technischen Schriften (Reihe VIII der Akademie-Ausgabe, Projektleiter Prof. Dr. Eberhard Knobloch) wird dies dokumentieren, indem sie nicht nur Digitalisate der Handschriften, sondern auch die edierten Texte online zur Verfügung stellt. Von der Internetedition der in ihrer übergroßen Mehrheit unbekannten Manuskripte aus gibt es Links auf die von Leibniz angeführten Schriften, d. h. Links auf ganze Werke, auf einzelne Kapitel oder Seiten davon. Im Projekt wurden die in der ersten Phase der Edition für Leibniz wichtigen Werke komplett digitalisiert und mit der online-Edition dauerhaft verbunden.</marc:subfield>
  </marc:datafield>
  <marc:datafield ind1=" " ind2=" " tag="520">
    <marc:subfield code="a">Projektbeschreibung</marc:subfield>
    <marc:subfield code="b">documentation</marc:subfield>
    <marc:subfield code="u">http://www.hab.de/forschung/projekte/leibnizressourcen.htm</marc:subfield>
  </marc:datafield>
  <marc:datafield ind1=" " ind2=" " tag="520">
    <marc:subfield code="a">Kurzbeschreibung (DLF-Liste)</marc:subfield>
    <marc:subfield code="b">shortDescription</marc:subfield>
    <marc:subfield code="u">http://www.dl-forum.de/deutsch/projekte/projekte_1916_DEU_HTML.htm</marc:subfield>
  </marc:datafield>
  <marc:datafield ind1=" " ind2=" " tag="520">
    <marc:subfield code="a">Bibliographische Metadaten</marc:subfield>
    <marc:subfield code="b">description: data levels</marc:subfield>
  </marc:datafield>
  <marc:datafield ind1=" " ind2=" " tag="520">
    <marc:subfield code="a">Titeldaten in PICA</marc:subfield>
    <marc:subfield code="b">description: standards and techniques used</marc:subfield>
  </marc:datafield>
  <marc:datafield ind1=" " ind2=" " tag="546">
    <marc:subfield code="a">de</marc:subfield>
  </marc:datafield>
  <marc:datafield ind1=" " ind2=" " tag="546">
    <marc:subfield code="a">la</marc:subfield>
  </marc:datafield>
  <marc:datafield ind1=" " ind2=" " tag="546">
    <marc:subfield code="a">fr</marc:subfield>
  </marc:datafield>
  <marc:datafield ind1=" " ind2=" " tag="594">
    <marc:subfield code="a">collection</marc:subfield>
  </marc:datafield>
  <marc:datafield ind1="0" ind2="7" tag="650">
    <marc:subfield code="a">Leibniz, Gottfried Wilhelm</marc:subfield>
    <marc:subfield code="2">SWD</marc:subfield>
  </marc:datafield>
  <marc:datafield ind1="0" ind2="7" tag="650">
    <marc:subfield code="a">Geschichte 1650-1750</marc:subfield>
    <marc:subfield code="2">SWD</marc:subfield>
  </marc:datafield>
  <marc:datafield ind1="0" ind2="7" tag="655">
    <marc:subfield code="a">Wissenschaftliche und Fachliteratur</marc:subfield>
    <marc:subfield code="2">local (zvdd) </marc:subfield>
  </marc:datafield>
  <marc:datafield ind1="1" ind2=" " tag="700">
    <marc:subfield code="a">Dr. Thomas Staecker, Herzog August Bibliothek, Postfach 1364, D-38299 Wolfenbuettel, staecker@hab.de</marc:subfield>
    <marc:subfield code="e">administrator</marc:subfield>
  </marc:datafield>
  <marc:datafield ind1="2" ind2=" " tag="710">
    <marc:subfield code="a">Herzog August Bibliothek</marc:subfield>
    <marc:subfield code="e">creator</marc:subfield>
    <marc:subfield code="u">http://www.hab.de/</marc:subfield>
  </marc:datafield>
  <marc:datafield ind1="2" ind2=" " tag="710">
    <marc:subfield code="a">Berlin-Brandenburgische Akademie der Wissenschaften, Leibniz-Edition</marc:subfield>
    <marc:subfield code="e">cooperation</marc:subfield>
    <marc:subfield code="u">http://www3.bbaw.de/forschung/leibniz/web/</marc:subfield>
  </marc:datafield>
  <marc:datafield ind1=" " ind2=" " tag="980">
    <marc:subfield code="a">collection</marc:subfield>
  </marc:datafield>
  <marc:datafield ind1=" " ind2=" " tag="992">
    <marc:subfield code="a">collection:druckwerke_leibnizzeit.hab.wf.de</marc:subfield>
    <marc:subfield code="b">zvdd (Zentrales Verzeichnis Digitalisierter Drucke)</marc:subfield>
    <marc:subfield code="c">http://www.zvdd.de</marc:subfield>
    <marc:subfield code="d">http://www.zvdd.de</marc:subfield>
  </marc:datafield>
  <marc:datafield ind1="8" ind2=" " tag="024">
    <marc:subfield code="p">ddc:600</marc:subfield>
  </marc:datafield>
  <marc:datafield ind1=" " ind2=" " tag="980">
    <marc:subfield code="b">ddc600</marc:subfield>
  </marc:datafield>
  <marc:datafield ind1="8" ind2=" " tag="024">
    <marc:subfield code="p">ddc:500</marc:subfield>
  </marc:datafield>
  <marc:datafield ind1=" " ind2=" " tag="980">
    <marc:subfield code="b">ddc500</marc:subfield>
  </marc:datafield>
  <marc:datafield ind1="4" ind2=" " tag="856">
    <marc:subfield code="u">http://www.hab.de/forschung/projekte/leibnizressourcen.htm</marc:subfield>
    <marc:subfield code="3">Projektseite</marc:subfield>
    <marc:subfield code="x">homepage</marc:subfield>
  </marc:datafield>
  <marc:datafield ind1="4" ind2=" " tag="856">
    <marc:subfield code="3">Noch nicht verfügbar</marc:subfield>
    <marc:subfield code="x">search-interface</marc:subfield>
  </marc:datafield>
  <marc:datafield ind1="4" ind2=" " tag="856">
    <marc:subfield code="u">http://www.hab.de/forschung/projekte/leibniz/signaturenliste.htm</marc:subfield>
    <marc:subfield code="3">Liste der Titel</marc:subfield>
    <marc:subfield code="x">browsing-access</marc:subfield>
  </marc:datafield>
</marc:record>   </metadata>
  </record>