
  <record>
   <header>
    <identifier>oai:digitalisiertedrucke.de:46782</identifier>
    <datestamp>2009-05-25T09:34:45Z</datestamp>
    <setSpec>collection</setSpec>
    <setSpec>collection:zvdd.hbz.k.de</setSpec>
   </header>
   <metadata>
<marc:record xmlns:marc="http://www.loc.gov/MARC21/slim" type="Bibliographic" xmlns:xsi="http://www.w3.org/2001/XMLSchema-instance" xsi:schemaLocation="http://www.loc.gov/MARC21/slim http://www.loc.gov/standards/marcxml/schema/MARC21slim.xsd">
     <marc:leader>00000coc  2200000uu 4500</marc:leader>
  <marc:controlfield tag="001">46782</marc:controlfield>
  <marc:datafield ind1="8" ind2=" " tag="024">
    <marc:subfield code="a">oai:digitalisiertedrucke.de:46782</marc:subfield>
    <marc:subfield code="p">collection</marc:subfield>
  </marc:datafield>
  <marc:datafield ind1="8" ind2=" " tag="024">
    <marc:subfield code="p">collection:zvdd.hbz.k.de</marc:subfield>
  </marc:datafield>
  <marc:datafield ind1="0" ind2="0" tag="245">
    <marc:subfield code="a">Thesaurus eruditionis</marc:subfield>
  </marc:datafield>
  <marc:datafield ind1=" " ind2=" " tag="260">
    <marc:subfield code="a">Wolfenbüttel</marc:subfield>
    <marc:subfield code="c">1483-1733</marc:subfield>
  </marc:datafield>
  <marc:datafield ind1=" " ind2=" " tag="300">
    <marc:subfield code="a">41 Titel (02/2007)</marc:subfield>
  </marc:datafield>
  <marc:datafield ind1="3" ind2=" " tag="520">
    <marc:subfield code="a">In Kooperation mit dem Mannheimer/ Heidelberger Thesaurus eruditionis  wird hier ein digitaler Handapparat mit häufig genutzten frühneuzeitlichen Lehrbüchern und Nachschlagewerken aufgebaut, der zum Verständnis und zur Erforschung der frühneuzeitlichen Wissens- und Gelehrtenkultur beitragen soll. Die Herzog August Bibliothek konzentriert sich derzeit auf den Bereich lateinische Wörterbücher, der um zentrale Titel aus dem Bereich der historia litteraria erweitert werden soll.</marc:subfield>
  </marc:datafield>
  <marc:datafield ind1=" " ind2=" " tag="520">
    <marc:subfield code="a">Titeldaten, teilweise elektronischer Volltext</marc:subfield>
    <marc:subfield code="b">description: data levels</marc:subfield>
  </marc:datafield>
  <marc:datafield ind1=" " ind2=" " tag="546">
    <marc:subfield code="a">la</marc:subfield>
  </marc:datafield>
  <marc:datafield ind1=" " ind2=" " tag="546">
    <marc:subfield code="a">de</marc:subfield>
  </marc:datafield>
  <marc:datafield ind1=" " ind2=" " tag="594">
    <marc:subfield code="a">collection</marc:subfield>
  </marc:datafield>
  <marc:datafield ind1="0" ind2="7" tag="655">
    <marc:subfield code="a">Lexika und Nachschlagewerke</marc:subfield>
    <marc:subfield code="2">local (zvdd) </marc:subfield>
  </marc:datafield>
  <marc:datafield ind1="1" ind2=" " tag="700">
    <marc:subfield code="a">Dr. Thomas Staecker, Herzog August Bibliothek, Postfach 1364, D-38299 Wolfenbuettel, staecker@hab.de</marc:subfield>
    <marc:subfield code="e">administrator</marc:subfield>
  </marc:datafield>
  <marc:datafield ind1="2" ind2=" " tag="710">
    <marc:subfield code="a">Herzog August Bibliothek</marc:subfield>
    <marc:subfield code="e">creator</marc:subfield>
    <marc:subfield code="u">http://www.hab.de/</marc:subfield>
  </marc:datafield>
  <marc:datafield ind1=" " ind2=" " tag="980">
    <marc:subfield code="a">collection</marc:subfield>
  </marc:datafield>
  <marc:datafield ind1=" " ind2=" " tag="992">
    <marc:subfield code="a">collection:thesaurus_eruditionis.hab.wf.de</marc:subfield>
    <marc:subfield code="b">zvdd (Zentrales Verzeichnis Digitalisierter Drucke)</marc:subfield>
    <marc:subfield code="c">http://www.zvdd.de</marc:subfield>
    <marc:subfield code="d">http://www.zvdd.de</marc:subfield>
  </marc:datafield>
  <marc:datafield ind1="4" ind2=" " tag="856">
    <marc:subfield code="u">http://www.hab.de/bibliothek/wdb/thesaurus/index.htm</marc:subfield>
    <marc:subfield code="3">Projektseite</marc:subfield>
    <marc:subfield code="x">homepage</marc:subfield>
  </marc:datafield>
  <marc:datafield ind1="4" ind2=" " tag="856">
    <marc:subfield code="u">http://sunny.biblio.etc.tu-bs.de:8080/DB=2/SET=2/TTL=1/CMD?ACT=SRCHA&amp;IKT=1016&amp;SRT=YOP&amp;TRM=gat%20woerterbuch%20and%20mat%20o</marc:subfield>
    <marc:subfield code="3">Titelliste per OPAC-Abfrage</marc:subfield>
    <marc:subfield code="x">browsing-access</marc:subfield>
  </marc:datafield>
</marc:record>   </metadata>
  </record>